<?xml version="1.0" encoding="UTF-8"?>
<record xmlns="http://www.loc.gov/MARC21/slim" xmlns:zs="http://docs.oasis-open.org/ns/search-ws/sruResponse">
 <leader>
  09252cpcaa22020057a 4500
 </leader>
 <controlfield tag="001">
  17528840
 </controlfield>
 <controlfield tag="005">
  20240423074728.0
 </controlfield>
 <controlfield tag="007">
  kv |||
 </controlfield>
 <controlfield tag="007">
  cu c||||||||||
 </controlfield>
 <controlfield tag="008">
  121114i19842012tnu                 eng
 </controlfield>
 <datafield ind1=" " ind2=" " tag="906">
  <subfield code="a">
   7
  </subfield>
  <subfield code="b">
   cbc
  </subfield>
  <subfield code="c">
   orignew
  </subfield>
  <subfield code="d">
   u
  </subfield>
  <subfield code="e">
   ncip
  </subfield>
  <subfield code="f">
   20
  </subfield>
  <subfield code="g">
   y-folklife
  </subfield>
 </datafield>
 <datafield ind1=" " ind2=" " tag="955">
  <subfield code="a">
   mkru 2012-11-14; cker 2012-11-14; cker 2012-11-16; cker 2012-11-19
  </subfield>
  <subfield code="a">
   mkru 2013-06-10
  </subfield>
  <subfield code="a">
   mkru 2013-10-23
  </subfield>
  <subfield code="a">
   mkru 2018-02-08
  </subfield>
  <subfield code="a">
   sludewig 2022-12-07
  </subfield>
  <subfield code="a">
   sludewig 2024-03-27
  </subfield>
  <subfield code="a">
   sludewig 2024-04-01
  </subfield>
  <subfield code="a">
   sludewig 2024-04-22
  </subfield>
  <subfield code="a">
   masmit 2024-4-23
  </subfield>
 </datafield>
 <datafield ind1=" " ind2=" " tag="010">
  <subfield code="a">
   2012655503
  </subfield>
 </datafield>
 <datafield ind1=" " ind2=" " tag="040">
  <subfield code="a">
   DLC
  </subfield>
  <subfield code="e">
   dacs
  </subfield>
  <subfield code="c">
   DLC
  </subfield>
  <subfield code="d">
   DLC
  </subfield>
 </datafield>
 <datafield ind1=" " ind2=" " tag="043">
  <subfield code="a">
   n-us---
  </subfield>
  <subfield code="a">
   n-us-tn
  </subfield>
 </datafield>
 <datafield ind1=" " ind2=" " tag="090">
  <subfield code="a">
   AFC 2009/029
  </subfield>
 </datafield>
 <datafield ind1="0" ind2="0" tag="245">
  <subfield code="a">
   Tom Raymond collection.
  </subfield>
 </datafield>
 <datafield ind1="1" ind2="3" tag="246">
  <subfield code="a">
   Photographs of the annual National Storytelling Festival, 1984-2012
  </subfield>
 </datafield>
 <datafield ind1=" " ind2=" " tag="260">
  <subfield code="c">
   1984-2012.
  </subfield>
 </datafield>
 <datafield ind1=" " ind2=" " tag="300">
  <subfield code="a">
   55,943
  </subfield>
  <subfield code="f">
   items
  </subfield>
 </datafield>
 <datafield ind1=" " ind2=" " tag="300">
  <subfield code="a">
   13,235 photographs (14 linear feet) :
  </subfield>
  <subfield code="b">
   color and black-and-white transparencies, slides, negatives ;
  </subfield>
  <subfield code="c">
   various sizes
  </subfield>
 </datafield>
 <datafield ind1=" " ind2=" " tag="300">
  <subfield code="a">
   42,706 photographs :
  </subfield>
  <subfield code="b">
   digital, color, JPG, NEF, CR2, DNG
  </subfield>
 </datafield>
 <datafield ind1=" " ind2=" " tag="300">
  <subfield code="a">
   2 photographs :
  </subfield>
  <subfield code="b">
   color transparencies ;
  </subfield>
  <subfield code="c">
   4 x 5 in.
  </subfield>
 </datafield>
 <datafield ind1=" " ind2=" " tag="500">
  <subfield code="a">
   2018 accrual: 1 manuscript file, 19,982 photograph files, 42 moving image files, and 1 sound recording file. 48 optical discs containing 6 moving image files and 24,494 photograph files.
  </subfield>
 </datafield>
 <datafield ind1=" " ind2=" " tag="500">
  <subfield code="a">
   2022 accrual: 57 digital photographs of the 50th National Storytelling Festival in Jonesborough, Tennessee taken by Tom Raymond, October 7-9, 2022, delivered on 1 flash drive. 1 book (48 pages): Timeless Voices: Images of the National Storytelling Festival with photographs by Tom Raymond. Contains numerous comments and autographs by storytellers featured in the book.
  </subfield>
 </datafield>
 <datafield ind1=" " ind2=" " tag="500">
  <subfield code="a">
   2024 accrual: 6 unmounted color transparencies and 3 mounted color transparencies. Photographs are of Pete Seeger and Jackie Torrance.
  </subfield>
 </datafield>
 <datafield ind1=" " ind2=" " tag="500">
  <subfield code="a">
   In process.
  </subfield>
 </datafield>
 <datafield ind1=" " ind2=" " tag="520">
  <subfield code="a">
   Collection of photographs taken by Tom Raymond documenting storytellers and audiences at the annual National Storytelling Festival, Jonesborough, Tennessee from circa 1984 to 2003. Most are 35 mm color slides and color negatives. The collection documents the major storytellers and performers at the festival with more than 1,500 photographs of storyteller Ray Hicks taken at the festival over the years and at his home in Beech Mountain, North Carolina.
  </subfield>
 </datafield>
 <datafield ind1="8" ind2=" " tag="524">
  <subfield code="a">
   Tom Raymond collection (AFC 2009/029), American Folklife Center, Library of Congress, Washington, D.C.
  </subfield>
 </datafield>
 <datafield ind1="1" ind2=" " tag="506">
  <subfield code="a">
   Collection is open for research; access to collection materials may be restricted. To request materials, please contact the Folklife Reading Room at
  </subfield>
  <subfield code="u">
   http://hdl.loc.gov/loc.afc/folklife.contact
  </subfield>
 </datafield>
 <datafield ind1=" " ind2=" " tag="540">
  <subfield code="a">
   Duplication of collection materials may be governed by copyright and other restrictions.
  </subfield>
 </datafield>
 <datafield ind1=" " ind2=" " tag="541">
  <subfield code="a">
   Tom Raymond;
  </subfield>
  <subfield code="c">
   Donation;
  </subfield>
  <subfield code="d">
   2009, 2018, 2022, 2024.
  </subfield>
 </datafield>
 <datafield ind1=" " ind2=" " tag="544">
  <subfield code="n">
   Tom Raymond's early 1980s photographs of the National Storytelling Festival are included in the American Folklife Center's International Storytelling Collection (AFC 2001/008)
  </subfield>
 </datafield>
 <datafield ind1="1" ind2=" " tag="545">
  <subfield code="a">
   Tom Raymond attended The University of Tennessee in Knoxville; East Carolina University in Greenville, North Carolina; and The Bowman Gary School of Medicine at Wake Forest University in Winston-Salem, North Carolina, where he earned the B.S., M.S. and PhD. degrees in the biological sciences. Three postdoctoral positions followed at The University of Iowa, The University of Oregon Health Sciences Center, and The Massachusetts Institute of Technology. In 1978, Tom joined The Department of Internal Medicine at East Tennessee State University as an Assistant Professor. Tom began his career in photography while an undergraduate student at the University of Tennessee working for The Daily Beacon, a student publication. Raymond established Fresh Air Photo in 1983, a commercial photography and post production studio based in Johnson City, Tennessee. He was official photographer of the National Storytelling Festival beginning in circa 1980.
  </subfield>
 </datafield>
 <datafield ind1=" " ind2=" " tag="546">
  <subfield code="a">
   In English.
  </subfield>
 </datafield>
 <datafield ind1="0" ind2=" " tag="555">
  <subfield code="a">
   Finding aid is available in the Folklife Reading Room, Library of Congress, and online
  </subfield>
  <subfield code="u">
   https://hdl.loc.gov/loc.afc/eadafc.af013007
  </subfield>
 </datafield>
 <datafield ind1="1" ind2="0" tag="600">
  <subfield code="a">
   Aaron, Moses,
  </subfield>
  <subfield code="d">
   1944-
  </subfield>
 </datafield>
 <datafield ind1="1" ind2="0" tag="600">
  <subfield code="a">
   Aoki, Brenda Wong.
  </subfield>
 </datafield>
 <datafield ind1="1" ind2="0" tag="600">
  <subfield code="a">
   Armstrong, Jennifer
  </subfield>
  <subfield code="c">
   (Musician)
  </subfield>
 </datafield>
 <datafield ind1="1" ind2="0" tag="600">
  <subfield code="a">
   Ball, Patrick.
  </subfield>
 </datafield>
 <datafield ind1="1" ind2="0" tag="600">
  <subfield code="a">
   Barton, Bob,
  </subfield>
  <subfield code="d">
   1939-
  </subfield>
 </datafield>
 <datafield ind1="1" ind2="0" tag="600">
  <subfield code="a">
   Basinger, John.
  </subfield>
 </datafield>
 <datafield ind1="1" ind2="0" tag="600">
  <subfield code="a">
   Beekman, Jeannine Pasini.
  </subfield>
 </datafield>
 <datafield ind1="1" ind2="0" tag="600">
  <subfield code="a">
   Bias-Insignares, Harriette.
  </subfield>
 </datafield>
 <datafield ind1="1" ind2="0" tag="600">
  <subfield code="a">
   Birch, Carol
  </subfield>
  <subfield code="q">
   (Carol L.)
  </subfield>
 </datafield>
 <datafield ind1="1" ind2="0" tag="600">
  <subfield code="a">
   Black, Judith.
  </subfield>
 </datafield>
 <datafield ind1="1" ind2="0" tag="600">
  <subfield code="a">
   Bloch, Muriel,
  </subfield>
  <subfield code="d">
   1954-
  </subfield>
 </datafield>
 <datafield ind1="1" ind2="0" tag="600">
  <subfield code="a">
   Bok, Gordon.
  </subfield>
 </datafield>
 <datafield ind1="0" ind2="0" tag="600">
  <subfield code="a">
   Brother Blue.
  </subfield>
 </datafield>
 <datafield ind1="1" ind2="0" tag="600">
  <subfield code="a">
   Bruchac, Joseph,
  </subfield>
  <subfield code="d">
   1942-
  </subfield>
 </datafield>
 <datafield ind1="1" ind2="0" tag="600">
  <subfield code="a">
   Brummett, Curt.
  </subfield>
 </datafield>
 <datafield ind1="1" ind2="0" tag="600">
  <subfield code="a">
   Burch, Mildred.
  </subfield>
 </datafield>
 <datafield ind1="1" ind2="0" tag="600">
  <subfield code="a">
   Cabral, Len.
  </subfield>
 </datafield>
 <datafield ind1="1" ind2="0" tag="600">
  <subfield code="a">
   Campbell, John,
  </subfield>
  <subfield code="d">
   1933-2006.
  </subfield>
 </datafield>
 <datafield ind1="1" ind2="0" tag="600">
  <subfield code="a">
   Cotter, Michael,
  </subfield>
  <subfield code="d">
   1931-
  </subfield>
 </datafield>
 <datafield ind1="1" ind2="0" tag="600">
  <subfield code="a">
   Creed, Robert Payson,
  </subfield>
  <subfield code="d">
   1925-2015.
  </subfield>
 </datafield>
 <datafield ind1="1" ind2="0" tag="600">
  <subfield code="a">
   Davis, Donald,
  </subfield>
  <subfield code="d">
   1944-
  </subfield>
 </datafield>
 <datafield ind1="1" ind2="0" tag="600">
  <subfield code="a">
   Deedy, Carmen Agra.
  </subfield>
 </datafield>
 <datafield ind1="1" ind2="0" tag="600">
  <subfield code="a">
   Del Negro, Janice.
  </subfield>
 </datafield>
 <datafield ind1="1" ind2="0" tag="600">
  <subfield code="a">
   Del Seamonds, Leeny.
  </subfield>
 </datafield>
 <datafield ind1="1" ind2="0" tag="600">
  <subfield code="a">
   DeSpain, Pleasant.
  </subfield>
 </datafield>
 <datafield ind1="1" ind2="0" tag="600">
  <subfield code="a">
   Ducey, Gay.
  </subfield>
 </datafield>
 <datafield ind1="1" ind2="0" tag="600">
  <subfield code="a">
   Elliott, Douglas B.
  </subfield>
 </datafield>
 <datafield ind1="1" ind2="0" tag="600">
  <subfield code="a">
   Ellis, Elizabeth,
  </subfield>
  <subfield code="d">
   1943-
  </subfield>
 </datafield>
 <datafield ind1="1" ind2="0" tag="600">
  <subfield code="a">
   Ellis, Rex M.,
  </subfield>
  <subfield code="d">
   1951-
  </subfield>
 </datafield>
 <datafield ind1="1" ind2="0" tag="600">
  <subfield code="a">
   Ferlatte, Diane.
  </subfield>
 </datafield>
 <datafield ind1="1" ind2="0" tag="600">
  <subfield code="a">
   Flodin, Lucinda.
  </subfield>
 </datafield>
 <datafield ind1="1" ind2="0" tag="600">
  <subfield code="a">
   Forest, Heather.
  </subfield>
 </datafield>
 <datafield ind1="1" ind2="0" tag="600">
  <subfield code="a">
   Frederick, Dennis,
  </subfield>
  <subfield code="d">
   1950-2005.
  </subfield>
 </datafield>
 <datafield ind1="1" ind2="0" tag="600">
  <subfield code="a">
   Freeman, Barbara,
  </subfield>
  <subfield code="d">
   1944-
  </subfield>
 </datafield>
 <datafield ind1="1" ind2="0" tag="600">
  <subfield code="a">
   Gillman, Jackson,
  </subfield>
  <subfield code="d">
   1954-
  </subfield>
 </datafield>
 <datafield ind1="1" ind2="0" tag="600">
  <subfield code="a">
   Gore, Al,
  </subfield>
  <subfield code="d">
   1948-
  </subfield>
 </datafield>
 <datafield ind1="1" ind2="0" tag="600">
  <subfield code="a">
   Goss, Linda.
  </subfield>
 </datafield>
 <datafield ind1="1" ind2="0" tag="600">
  <subfield code="a">
   Graham, Len.
  </subfield>
 </datafield>
 <datafield ind1="1" ind2="0" tag="600">
  <subfield code="a">
   Grear, Joyce.
  </subfield>
 </datafield>
 <datafield ind1="1" ind2="0" tag="600">
  <subfield code="a">
   Hamilton, Mary,
  </subfield>
  <subfield code="d">
   1952-
  </subfield>
 </datafield>
 <datafield ind1="1" ind2="0" tag="600">
  <subfield code="a">
   Harley, Bill,
  </subfield>
  <subfield code="d">
   1954-
  </subfield>
 </datafield>
 <datafield ind1="1" ind2="0" tag="600">
  <subfield code="a">
   Hayes, Joe.
  </subfield>
 </datafield>
 <datafield ind1="1" ind2="0" tag="600">
  <subfield code="a">
   Hicks, Ray,
  </subfield>
  <subfield code="d">
   1922-2003.
  </subfield>
 </datafield>
 <datafield ind1="1" ind2="0" tag="600">
  <subfield code="a">
   Holloway, Martha.
  </subfield>
 </datafield>
 <datafield ind1="1" ind2="0" tag="600">
  <subfield code="a">
   Holt, David,
  </subfield>
  <subfield code="d">
   1946-
  </subfield>
 </datafield>
 <datafield ind1="1" ind2="0" tag="600">
  <subfield code="a">
   Horner, Beth.
  </subfield>
 </datafield>
 <datafield ind1="1" ind2="0" tag="600">
  <subfield code="a">
   Izard, Anne.
  </subfield>
 </datafield>
 <datafield ind1="1" ind2="0" tag="600">
  <subfield code="a">
   Jojo, Kala.
  </subfield>
 </datafield>
 <datafield ind1="1" ind2="0" tag="600">
  <subfield code="a">
   Jones, Francis Firebrace.
  </subfield>
 </datafield>
 <datafield ind1="1" ind2="0" tag="600">
  <subfield code="a">
   Juditz, Vicki.
  </subfield>
 </datafield>
 <datafield ind1="1" ind2="0" tag="600">
  <subfield code="a">
   Keding, Dan.
  </subfield>
 </datafield>
 <datafield ind1="1" ind2="0" tag="600">
  <subfield code="a">
   Kikuchi-Yngojo, Robert.
  </subfield>
 </datafield>
 <datafield ind1="1" ind2="0" tag="600">
  <subfield code="a">
   Klein, Susan,
  </subfield>
  <subfield code="d">
   1951-
  </subfield>
 </datafield>
 <datafield ind1="1" ind2="0" tag="600">
  <subfield code="a">
   Koram, Jamal.
  </subfield>
 </datafield>
 <datafield ind1="1" ind2="0" tag="600">
  <subfield code="a">
   Larkin, Chuck,
  </subfield>
  <subfield code="d">
   1931-
  </subfield>
 </datafield>
 <datafield ind1="1" ind2="0" tag="600">
  <subfield code="a">
   Lenihan, Edmund.
  </subfield>
 </datafield>
 <datafield ind1="1" ind2="0" tag="600">
  <subfield code="a">
   Lepp, Bil,
  </subfield>
  <subfield code="d">
   1970-
  </subfield>
 </datafield>
 <datafield ind1="1" ind2="0" tag="600">
  <subfield code="a">
   Lieberman, Syd,
  </subfield>
  <subfield code="d">
   1944-
  </subfield>
 </datafield>
 <datafield ind1="1" ind2="0" tag="600">
  <subfield code="a">
   Lipman, Doug.
  </subfield>
 </datafield>
 <datafield ind1="1" ind2="0" tag="600">
  <subfield code="a">
   Lloyd, Angela,
  </subfield>
  <subfield code="d">
   1954-
  </subfield>
 </datafield>
 <datafield ind1="1" ind2="0" tag="600">
  <subfield code="a">
   Locke, Kevin.
  </subfield>
 </datafield>
 <datafield ind1="1" ind2="0" tag="600">
  <subfield code="a">
   Loya, Olga.
  </subfield>
 </datafield>
 <datafield ind1="1" ind2="0" tag="600">
  <subfield code="a">
   Lupton, Hugh.
  </subfield>
 </datafield>
 <datafield ind1="1" ind2="0" tag="600">
  <subfield code="a">
   Nwanga, Namu.
  </subfield>
 </datafield>
 <datafield ind1="1" ind2="0" tag="600">
  <subfield code="a">
   May, Jim,
  </subfield>
  <subfield code="d">
   1947-
  </subfield>
 </datafield>
 <datafield ind1="1" ind2="0" tag="600">
  <subfield code="a">
   McBride-Smith, Barbara,
  </subfield>
  <subfield code="d">
   1944-
  </subfield>
 </datafield>
 <datafield ind1="1" ind2="0" tag="600">
  <subfield code="a">
   McConnell, Doc.
  </subfield>
 </datafield>
 <datafield ind1="1" ind2="0" tag="600">
  <subfield code="a">
   McCutcheon, John,
  </subfield>
  <subfield code="d">
   1952-
  </subfield>
 </datafield>
 <datafield ind1="1" ind2="0" tag="600">
  <subfield code="a">
   McGill, Alice.
  </subfield>
 </datafield>
 <datafield ind1="1" ind2="0" tag="600">
  <subfield code="a">
   Mitchell, Waddie,
  </subfield>
  <subfield code="d">
   1950-
  </subfield>
 </datafield>
 <datafield ind1="1" ind2="0" tag="600">
  <subfield code="a">
   Mooney, William.
  </subfield>
 </datafield>
 <datafield ind1="1" ind2="0" tag="600">
  <subfield code="a">
   Moses, Johnny.
  </subfield>
 </datafield>
 <datafield ind1="1" ind2="0" tag="600">
  <subfield code="a">
   Norfolk, Bobby,
  </subfield>
  <subfield code="d">
   1951-
  </subfield>
 </datafield>
 <datafield ind1="1" ind2="0" tag="600">
  <subfield code="a">
   Novak, David.
  </subfield>
 </datafield>
 <datafield ind1="1" ind2="0" tag="600">
  <subfield code="a">
   O'Callahan, Jay.
  </subfield>
 </datafield>
 <datafield ind1="1" ind2="0" tag="600">
  <subfield code="a">
   O'Halloran, Susan.
  </subfield>
 </datafield>
 <datafield ind1="1" ind2="0" tag="600">
  <subfield code="a">
   O'Neal, John,
  </subfield>
  <subfield code="d">
   1940-2019.
  </subfield>
 </datafield>
 <datafield ind1="1" ind2="0" tag="600">
  <subfield code="a">
   Orunamamu.
  </subfield>
 </datafield>
 <datafield ind1="1" ind2="0" tag="600">
  <subfield code="a">
   Parent, Michael.
  </subfield>
 </datafield>
 <datafield ind1="1" ind2="0" tag="600">
  <subfield code="a">
   Pennington, Lee.
  </subfield>
 </datafield>
 <datafield ind1="1" ind2="0" tag="600">
  <subfield code="a">
   Phillips, Utah.
  </subfield>
 </datafield>
 <datafield ind1="1" ind2="0" tag="600">
  <subfield code="a">
   Pinkerton, J. G. "Paw Paw",
  </subfield>
  <subfield code="d">
   1926-2008.
  </subfield>
 </datafield>
 <datafield ind1="1" ind2="0" tag="600">
  <subfield code="a">
   Ramsey, Buck.
  </subfield>
 </datafield>
 <datafield ind1="1" ind2="0" tag="600">
  <subfield code="a">
   Regan-Blake, Connie,
  </subfield>
  <subfield code="d">
   1947-
  </subfield>
 </datafield>
 <datafield ind1="1" ind2="0" tag="600">
  <subfield code="a">
   Reneaux, J. J.,
  </subfield>
  <subfield code="d">
   1955-
  </subfield>
 </datafield>
 <datafield ind1="1" ind2="0" tag="600">
  <subfield code="a">
   Rogers, Gamble.
  </subfield>
 </datafield>
 <datafield ind1="1" ind2="0" tag="600">
  <subfield code="a">
   Rogers, Sally,
  </subfield>
  <subfield code="d">
   1954-
  </subfield>
 </datafield>
 <datafield ind1="1" ind2="0" tag="600">
  <subfield code="a">
   Ross, Gayle.
  </subfield>
 </datafield>
 <datafield ind1="1" ind2="0" tag="600">
  <subfield code="a">
   Rubright, Lynn,
  </subfield>
  <subfield code="d">
   1936-
  </subfield>
 </datafield>
 <datafield ind1="1" ind2="0" tag="600">
  <subfield code="a">
   Sanfield, Steve.
  </subfield>
 </datafield>
 <datafield ind1="1" ind2="0" tag="600">
  <subfield code="a">
   Schimmel, Nancy.
  </subfield>
 </datafield>
 <datafield ind1="1" ind2="0" tag="600">
  <subfield code="a">
   Schram, Peninnah.
  </subfield>
 </datafield>
 <datafield ind1="1" ind2="0" tag="600">
  <subfield code="a">
   Seeger, Pete,
  </subfield>
  <subfield code="d">
   1919-2014.
  </subfield>
 </datafield>
 <datafield ind1="1" ind2="0" tag="600">
  <subfield code="a">
   Simms, Laura.
  </subfield>
 </datafield>
 <datafield ind1="1" ind2="0" tag="600">
  <subfield code="a">
   Smith, Jimmy Neil.
  </subfield>
 </datafield>
 <datafield ind1="1" ind2="0" tag="600">
  <subfield code="a">
   Smith, Mary Carter.
  </subfield>
 </datafield>
 <datafield ind1="1" ind2="0" tag="600">
  <subfield code="a">
   Spelman, Jon,
  </subfield>
  <subfield code="d">
   1942-
  </subfield>
 </datafield>
 <datafield ind1="1" ind2="0" tag="600">
  <subfield code="a">
   Stivender, Ed,
  </subfield>
  <subfield code="d">
   1946-
  </subfield>
 </datafield>
 <datafield ind1="1" ind2="0" tag="600">
  <subfield code="a">
   Taylor, Rangimoana.
  </subfield>
 </datafield>
 <datafield ind1="1" ind2="0" tag="600">
  <subfield code="a">
   Teare, Billy.
  </subfield>
 </datafield>
 <datafield ind1="1" ind2="0" tag="600">
  <subfield code="a">
   Thomas, Taffy.
  </subfield>
 </datafield>
 <datafield ind1="1" ind2="0" tag="600">
  <subfield code="a">
   Thomason, Dovie.
  </subfield>
 </datafield>
 <datafield ind1="1" ind2="0" tag="600">
  <subfield code="a">
   Timpanelli, Gloria.
  </subfield>
 </datafield>
 <datafield ind1="1" ind2="0" tag="600">
  <subfield code="a">
   Torrence, Jackie.
  </subfield>
 </datafield>
 <datafield ind1="1" ind2="0" tag="600">
  <subfield code="a">
   Umolu, Mary H.
  </subfield>
  <subfield code="q">
   (Mary Harden)
  </subfield>
 </datafield>
 <datafield ind1="1" ind2="0" tag="600">
  <subfield code="a">
   Watkins, Kel.
  </subfield>
 </datafield>
 <datafield ind1="1" ind2="0" tag="600">
  <subfield code="a">
   Weakley, Tom.
  </subfield>
 </datafield>
 <datafield ind1="1" ind2="0" tag="600">
  <subfield code="a">
   Weir, Liz.
  </subfield>
 </datafield>
 <datafield ind1="1" ind2="0" tag="600">
  <subfield code="a">
   Wilson, Madafo Lloyd.
  </subfield>
 </datafield>
 <datafield ind1="1" ind2="0" tag="600">
  <subfield code="a">
   Windham, Kathryn Tucker.
  </subfield>
 </datafield>
 <datafield ind1="1" ind2="0" tag="600">
  <subfield code="a">
   Zarzyski, Paul.
  </subfield>
 </datafield>
 <datafield ind1="2" ind2="0" tag="610">
  <subfield code="a">
   Taifa (Performing group)
  </subfield>
 </datafield>
 <datafield ind1="2" ind2="0" tag="610">
  <subfield code="a">
   Eth-Noh-Tec (Performing group)
  </subfield>
 </datafield>
 <datafield ind1="2" ind2="0" tag="610">
  <subfield code="a">
   Storycrafters.
  </subfield>
 </datafield>
 <datafield ind1="2" ind2="0" tag="610">
  <subfield code="a">
   Storyweavers.
  </subfield>
 </datafield>
 <datafield ind1="2" ind2="0" tag="611">
  <subfield code="a">
   National Storytelling Festival.
  </subfield>
 </datafield>
 <datafield ind1=" " ind2="0" tag="650">
  <subfield code="a">
   Storytellers
  </subfield>
  <subfield code="z">
   United States
  </subfield>
  <subfield code="v">
   Photographs.
  </subfield>
 </datafield>
 <datafield ind1=" " ind2="0" tag="650">
  <subfield code="a">
   Storytelling festivals
  </subfield>
  <subfield code="z">
   Tennessee
  </subfield>
  <subfield code="z">
   Jonesborough.
  </subfield>
 </datafield>
 <datafield ind1=" " ind2="0" tag="650">
  <subfield code="a">
   Folk festivals
  </subfield>
  <subfield code="z">
   Tennessee
  </subfield>
  <subfield code="z">
   Jonesborough.
  </subfield>
 </datafield>
 <datafield ind1=" " ind2="0" tag="651">
  <subfield code="a">
   Jonesborough (Tenn.)
  </subfield>
 </datafield>
 <datafield ind1=" " ind2="7" tag="655">
  <subfield code="a">
   Documentary photography.
  </subfield>
  <subfield code="2">
   aat
  </subfield>
 </datafield>
 <datafield ind1=" " ind2="7" tag="655">
  <subfield code="a">
   Color slides.
  </subfield>
  <subfield code="2">
   aat
  </subfield>
 </datafield>
 <datafield ind1=" " ind2="7" tag="655">
  <subfield code="a">
   Contact sheets.
  </subfield>
  <subfield code="2">
   gmgpc
  </subfield>
 </datafield>
 <datafield ind1=" " ind2="7" tag="655">
  <subfield code="a">
   Film negatives.
  </subfield>
  <subfield code="2">
   gmgpc
  </subfield>
 </datafield>
 <datafield ind1=" " ind2="7" tag="655">
  <subfield code="a">
   Film transparencies.
  </subfield>
  <subfield code="2">
   gmgpc
  </subfield>
 </datafield>
 <datafield ind1=" " ind2="7" tag="655">
  <subfield code="a">
   Photographic prints.
  </subfield>
  <subfield code="2">
   gmgpc
  </subfield>
 </datafield>
 <datafield ind1=" " ind2="7" tag="655">
  <subfield code="a">
   Digital photographs.
  </subfield>
  <subfield code="2">
   gmgpc
  </subfield>
 </datafield>
 <datafield ind1="1" ind2=" " tag="700">
  <subfield code="a">
   Raymond, Tom,
  </subfield>
  <subfield code="d">
   1947-
  </subfield>
  <subfield code="e">
   collector,
  </subfield>
  <subfield code="e">
   photographer.
  </subfield>
 </datafield>
 <datafield ind1="2" ind2=" " tag="710">
  <subfield code="a">
   International Storytelling Center,
  </subfield>
  <subfield code="e">
   sponsor.
  </subfield>
 </datafield>
 <datafield ind1="0" ind2="8" tag="774">
  <subfield code="i">
   Container of (manifestation):
  </subfield>
  <subfield code="a">
   Raymond, Tom, 1947-
  </subfield>
  <subfield code="t">
   Timeless voices
  </subfield>
  <subfield code="w">
   (DLC)  2010413534
  </subfield>
 </datafield>
 <datafield ind1=" " ind2=" " tag="852">
  <subfield code="a">
   Library of Congress
  </subfield>
  <subfield code="b">
   American Folklife Center,
  </subfield>
  <subfield code="e">
   101 Independence Ave. S.E., Washington, DC USA 20540-4610
  </subfield>
  <subfield code="u">
   http://hdl.loc.gov/loc.afc/folklife.home
  </subfield>
 </datafield>
 <datafield ind1=" " ind2=" " tag="856">
  <subfield code="3">
   Finding aid
  </subfield>
  <subfield code="u">
   https://hdl.loc.gov/loc.afc/eadafc.af013007
  </subfield>
 </datafield>
 <datafield ind1=" " ind2=" " tag="985">
  <subfield code="a">
   afc/ead
  </subfield>
 </datafield>
 <datafield ind1=" " ind2=" " tag="985">
  <subfield code="a">
   afc/coll
  </subfield>
 </datafield>
</record>
